%% This BibTeX bibliography file was created using BibDesk.
%% https://bibdesk.sourceforge.io/

%% Created for Minqi Xu at 2023-06-27 01:06:46 -0400 


%% Saved with string encoding Unicode (UTF-8) 



@article{bj87,
	author = {Baker, James E.},
	date-added = {2023-06-27 00:55:09 -0400},
	date-modified = {2023-06-27 00:56:22 -0400},
	journal = {Proceedings of the Second International Conference on Genetic Algorithms and Their Application},
	pages = {14-21},
	title = {Reducing Bias and Inefficiency in the Selection Algorithm},
	year = {1987}}

@webpage{gaeg2,
	date-added = {2023-06-27 00:54:32 -0400},
	date-modified = {2023-06-27 00:54:45 -0400},
	url = {https://www.youtube.com/watch?v=lbzQH3nVe_8},
	bdsk-url-1 = {https://www.youtube.com/watch?v=lbzQH3nVe_8}}

@webpage{gaeg1,
	date-added = {2023-06-27 00:52:56 -0400},
	date-modified = {2023-06-27 00:54:22 -0400},
	url = {https://rednuht.org/genetic_cars_2/},
	bdsk-url-1 = {https://rednuht.org/genetic_cars_2/}}

@webpage{wikifps,
	date-added = {2023-06-27 00:51:28 -0400},
	date-modified = {2023-06-27 00:52:43 -0400},
	title = {Wikipedia},
	url = {https://en.wikipedia.org/wiki/Fitness_proportionate_selection},
	bdsk-url-1 = {https://en.wikipedia.org/wiki/Fitness_proportionate_selection}}

@webpage{wikisus,
	date-added = {2023-06-27 00:48:25 -0400},
	date-modified = {2023-06-27 00:51:21 -0400},
	title = {Wikipedia},
	url = {https://en.wikipedia.org/wiki/Stochastic_universal_sampling},
	bdsk-url-1 = {https://en.wikipedia.org/wiki/Stochastic_universal_sampling}}

@webpage{wikiga,
	date-modified = {2023-06-27 00:40:39 -0400},
	title = {Wikipedia},
	url = {https://en.wikipedia.org/wiki/Genetic_algorithm},
	bdsk-url-1 = {https://en.wikipedia.org/wiki/Genetic_algorithm}}

@webpage{gfg,
	date-modified = {2023-06-27 00:42:27 -0400},
	title = {Genetic Algorithms},
	url = {https://www.geeksforgeeks.org/genetic-algorithms/},
	bdsk-url-1 = {https://www.geeksforgeeks.org/genetic-algorithms/}}
